@misc{fastqc,
    title = {FastQC: A quality control tool for high throughput sequence data},
    author = {Andrews, Simon},
    year = {2010},
    howpublished = {\url{https://www.bioinformatics.babraham.ac.uk/projects/fastqc/}}
}

@article{trimmomatic,
    title = {Trimmomatic: a flexible trimmer for Illumina sequence data},
    author = {Bolger, Anthony M. and Lohse, Marc and Usadel, Bjoern},
    journal = {Bioinformatics},
    volume = {30},
    number = {15},
    pages = {2114--2120},
    year = {2014},
    doi = {10.1093/bioinformatics/btu170}
}

@article{bowtie2,
    title = {Fast gapped-read alignment with Bowtie 2},
    author = {Langmead, Ben and Salzberg, Steven L.},
    journal = {Nature Methods},
    volume = {9},
    number = {4},
    pages = {357--359},
    year = {2012},
    doi = {10.1038/nmeth.1923}
}

@article{matplotlib,
    title = {Matplotlib: A 2D graphics environment},
    author = {Hunter, John D.},
    journal = {Computing in Science \& Engineering},
    volume = {9},
    number = {3},
    pages = {90--95},
    year = {2007},
    doi = {10.1109/MCSE.2007.55}
}

@article{matplotlib,
    title = {Matplotlib: A 2D graphics environment},
    author = {Hunter, John D.},
    journal = {Computing in Science \& Engineering},
    volume = {9},
    number = {3},
    pages = {90--95},
    year = {2007},
    doi = {10.1109/MCSE.2007.55}
}

@article{ponts2009fusarium,
  title={Fusarium response to oxidative stress by H2O2 is trichothecene chemotype-dependent},
  author={Ponts, Nadia and Couedelo, Leslie and Pinson-Gadais, Laetitia and Verdal-Bonnin, Marie-Noelle and Barreau, Christian and Richard-Forget, Florence},
  journal={FEMS Microbiology Letters},
  volume={293},
  pages={255--262},
  year={2009},
  url={https://academic.oup.com/femsle/article/293/2/255/575314},
  doi={10.1111/j.1574-6968.2009.01525.x}
}

@article{taxonomy,
  title={Taxonomy, biology, and clinical aspects of fusarium species},
  author={Nelson, Peter E and Dignani, Maria C and Anaissie, Elias J},
  journal={Clinical microbiology reviews},
  year={1994},
  url={https://journals.asm.org/doi/epdf/10.1128/cmr.7.4.479},
  doi = {https://doi.org/10.1128/cmr.7.4.479}
}

@article{mycsa,
  title={Le Projet ANR 2022-2026 TEAMTOX},
  author={Communication MycSA},
  year={2023},
  url={https://mycsa.bordeaux-aquitaine.hub.inrae.fr/projets-de-recherche/archive-projets/teamtox},
}

@article{gaballah2023development,
  title={Development of a certified reference material for the accurate determination of type B trichothecenes in corn},
  author={Gab-Allah, Mohamed A and Getachew Lijalem, Yeshitila and Yu, Hyeonji and Lee, Seulgi and Baek, Se-Yeong and Han, Jaejoon and others},
  journal={Food Chemistry},
  volume={404},
  year={2023},
  url={https://www.sciencedirect.com/science/article/pii/S0308814620321113},
  doi={10.1016/j.foodchem.2020.134542}
}

@article{chen2014exploring,
  title={Exploring MicroRNA-Like Small RNAs in the Filamentous Fungus Fusarium oxysporum},
  author={Chen, Rui and Jiang, Nanyu and Jiang, Qing and Sun, Xia and Wang, Yulin and Zhang, Hong and others},
  journal={PLoS ONE},
  volume={9},
  year={2014},
  url={https://journals.plos.org/plosone/article?id=10.1371/journal.pone.0104956},
  editor={Han, Kyung-Hwan},
  publisher={Public Library of Science (PLoS)},
  doi={10.1371/journal.pone.0104956}
}

@article{anders2013count,
  title={Count-based differential expression analysis of RNA sequencing data using R and Bioconductor},
  author={Anders, Simon and McCarthy, Davis J and Chen, Yunshun and Okoniewski, Michal and Smyth, Gordon K and Huber, Wolfgang and Robinson, Mark D},
  journal={Genome biology},
  volume={14},
  number={7},
  pages={R106},
  year={2013},
  publisher={BioMed Central},
  note={Published online 22 August 2013; doi:10.1038/nprot.2013.099},
  url={https://doi.org/10.1038/nprot.2013.099},
}

@misc{mgx2023,
  title={MGX / E-EXP-11 Fiche prestation},
  author={MGX},
  year={2023},
  howpublished={Version 10 Analyse bioinformatique RNA-seq Page 1/7},
  note={Date : 23/03/2023},
  url={insert URL here}
}

@article{inrae,
    title ={About Us},
    year = {2020}, 
    url = {https://www.inrae.fr/en/about-us}
}

@misc{multiqc,
  title={MultiQC: summarize analysis results for multiple tools and samples in a single report},
  author={{Ewels, Philip and Magnusson, Måns and Lundin, Sverker and Käller, Max}},
  year={2016},
  howpublished={https://multiqc.info/},
}

@article{martin2011cutadapt,
  title={Cutadapt removes adapter sequences from high-throughput sequencing reads},
  author={Martin, Marcel},
  journal={EMBnet. journal},
  volume={17},
  number={1},
  pages={10--12},
  year={2011},
  publisher={Taylor \& Francis}
}

@article{li2009fast,
  title={Fast and accurate short read alignment with Burrows-Wheeler transform},
  author={Li, Heng and Durbin, Richard},
  journal={Bioinformatics},
  volume={25},
  number={14},
  pages={1754--1760},
  year={2009},
  publisher={Oxford University Press}
}
@article{friedlander2012discover,
  title={Discovering microRNAs from deep sequencing data using miRDeep},
  author={Friedlander, Martin R and Mackowiak, Sebastian D and Li, Na and Chen, Wei and Rajewsky, Nikolaus},
  journal={Nature biotechnology},
  volume={26},
  number={4},
  pages={407--415},
  year={2012},
  publisher={Nature Publishing Group}
}

@article{kozomara2019mirbase,
  title={miRBase: from microRNA sequences to function},
  author={Kozomara, Ana and Birgaoanu, Maria and Griffiths-Jones, Sam},
  journal={Nucleic acids research},
  volume={47},
  number={D1},
  pages={D155--D162},
  year={2019},
  publisher={Oxford University Press}
}
@article{anders2015htseq,
  title={HTSeq--a Python framework to work with high-throughput sequencing data},
  author={Anders, Simon and Pyl, Paul Theodor and Huber, Wolfgang},
  journal={Bioinformatics},
  volume={31},
  number={2},
  pages={166--169},
  year={2015},
  publisher={Oxford University Press}
}
@article{liao2014featurecounts,
  title={featureCounts: an efficient general purpose program for assigning sequence reads to genomic features},
  author={Liao, Yang and Smyth, Gordon K and Shi, Wei},
  journal={Bioinformatics},
  volume={30},
  number={7},
  pages={923--930},
  year={2014},
  publisher={Oxford University Press}
}

@article{love2014moderated,
  title={Moderated estimation of fold change and dispersion for RNA-seq data with DESeq2},
  author={Love, Michael I and Huber, Wolfgang and Anders, Simon},
  journal={Genome biology},
  volume={15},
  number={12},
  pages={550},
  year={2014},
  publisher={BioMed Central}
}
@article{robinson2010edger,
  title={edgeR: a Bioconductor package for differential expression analysis of digital gene expression data},
  author={Robinson, Mark D and McCarthy, Davis J and Smyth, Gordon K},
  journal={Bioinformatics},
  volume={26},
  number={1},
  pages={139--140},
  year={2010},
  publisher={Oxford University Press}
}
