@misc{fastqc,
    title = {FastQC: A quality control tool for high throughput sequence data},
    author = {Andrews, Simon},
    year = {2010},
    howpublished = {\url{https://www.bioinformatics.babraham.ac.uk/projects/fastqc/}}
}

@article{trimmomatic,
    title = {Trimmomatic: a flexible trimmer for Illumina sequence data},
    author = {Bolger, Anthony M. and Lohse, Marc and Usadel, Bjoern},
    journal = {Bioinformatics},
    volume = {30},
    number = {15},
    pages = {2114--2120},
    year = {2014},
    doi = {10.1093/bioinformatics/btu170}
}

@article{bowtie2,
    title = {Fast gapped-read alignment with Bowtie 2},
    author = {Langmead, Ben and Salzberg, Steven L.},
    journal = {Nature Methods},
    volume = {9},
    number = {4},
    pages = {357--359},
    year = {2012},
    doi = {10.1038/nmeth.1923}
}

@article{matplotlib,
    title = {Matplotlib: A 2D graphics environment},
    author = {Hunter, John D.},
    journal = {Computing in Science \& Engineering},
    volume = {9},
    number = {3},
    pages = {90--95},
    year = {2007},
    doi = {10.1109/MCSE.2007.55}
}

@article{matplotlib,
    title = {Matplotlib: A 2D graphics environment},
    author = {Hunter, John D.},
    journal = {Computing in Science \& Engineering},
    volume = {9},
    number = {3},
    pages = {90--95},
    year = {2007},
    doi = {10.1109/MCSE.2007.55}
}

@article{ponts2009fusarium,
  title={Fusarium response to oxidative stress by H2O2 is trichothecene chemotype-dependent},
  author={Ponts, Nadia and Couedelo, Leslie and Pinson-Gadais, Laetitia and Verdal-Bonnin, Marie-Noelle and Barreau, Christian and Richard-Forget, Florence},
  journal={FEMS Microbiology Letters},
  volume={293},
  pages={255--262},
  year={2009},
  url={https://academic.oup.com/femsle/article/293/2/255/575314},
  doi={10.1111/j.1574-6968.2009.01525.x}
}

@article{taxonomy,
  title={Taxonomy, biology, and clinical aspects of fusarium species},
  author={Nelson, Peter E and Dignani, Maria C and Anaissie, Elias J},
  journal={Clinical microbiology reviews},
  year={1994},
  url={https://journals.asm.org/doi/epdf/10.1128/cmr.7.4.479},
  doi = {https://doi.org/10.1128/cmr.7.4.479}
}

@article{mycsa,
  title={Le Projet ANR 2022-2026 TEAMTOX},
  author={Communication MycSA},
  year={2023},
  url={https://mycsa.bordeaux-aquitaine.hub.inrae.fr/projets-de-recherche/archive-projets/teamtox},
}

@article{gaballah2023development,
  title={Development of a certified reference material for the accurate determination of type B trichothecenes in corn},
  author={Gab-Allah, Mohamed A and Getachew Lijalem, Yeshitila and Yu, Hyeonji and Lee, Seulgi and Baek, Se-Yeong and Han, Jaejoon and others},
  journal={Food Chemistry},
  volume={404},
  year={2023},
  url={https://www.sciencedirect.com/science/article/pii/S0308814620321113},
  doi={10.1016/j.foodchem.2020.134542}
}

@article{chen2014exploring,
  title={Exploring MicroRNA-Like Small RNAs in the Filamentous Fungus Fusarium oxysporum},
  author={Chen, Rui and Jiang, Nanyu and Jiang, Qing and Sun, Xia and Wang, Yulin and Zhang, Hong and others},
  journal={PLoS ONE},
  volume={9},
  year={2014},
  url={https://journals.plos.org/plosone/article?id=10.1371/journal.pone.0104956},
  editor={Han, Kyung-Hwan},
  publisher={Public Library of Science (PLoS)},
  doi={10.1371/journal.pone.0104956}
}

@article{anders2013count,
  title={Count-based differential expression analysis of RNA sequencing data using R and Bioconductor},
  author={Anders, Simon and McCarthy, Davis J and Chen, Yunshun and Okoniewski, Michal and Smyth, Gordon K and Huber, Wolfgang and Robinson, Mark D},
  journal={Genome biology},
  volume={14},
  number={7},
  pages={R106},
  year={2013},
  publisher={BioMed Central},
  note={Published online 22 August 2013; doi:10.1038/nprot.2013.099},
  url={https://doi.org/10.1038/nprot.2013.099},
}

@misc{mgx2023,
  title={MGX / E-EXP-11 Fiche prestation},
  author={MGX},
  year={2023},
  howpublished={Version 10 Analyse bioinformatique RNA-seq Page 1/7},
  note={Date : 23/03/2023},
  url={insert URL here}
}

@article{inrae,
    title ={About Us},
    year = {2020}, 
    url = {https://www.inrae.fr/en/about-us}
}

@misc{multiqc,
  title={MultiQC: summarize analysis results for multiple tools and samples in a single report},
  author={{Ewels, Philip and Magnusson, Måns and Lundin, Sverker and Käller, Max}},
  year={2016},
  howpublished={https://multiqc.info/},
}

@article{martin2011cutadapt,
  title={Cutadapt removes adapter sequences from high-throughput sequencing reads},
  author={Martin, Marcel},
  journal={EMBnet. journal},
  volume={17},
  number={1},
  pages={10--12},
  year={2011},
  publisher={Taylor \& Francis}
}

@article{li2009fast,
  title={Fast and accurate short read alignment with Burrows-Wheeler transform},
  author={Li, Heng and Durbin, Richard},
  journal={Bioinformatics},
  volume={25},
  number={14},
  pages={1754--1760},
  year={2009},
  publisher={Oxford University Press}
}
@article{friedlander2012discover,
  title={Discovering microRNAs from deep sequencing data using miRDeep},
  author={Friedlander, Martin R and Mackowiak, Sebastian D and Li, Na and Chen, Wei and Rajewsky, Nikolaus},
  journal={Nature biotechnology},
  volume={26},
  number={4},
  pages={407--415},
  year={2012},
  publisher={Nature Publishing Group}
}

@article{kozomara2019mirbase,
  title={miRBase: from microRNA sequences to function},
  author={Kozomara, Ana and Birgaoanu, Maria and Griffiths-Jones, Sam},
  journal={Nucleic acids research},
  volume={47},
  number={D1},
  pages={D155--D162},
  year={2019},
  publisher={Oxford University Press}
}
@article{anders2015htseq,
  title={HTSeq--a Python framework to work with high-throughput sequencing data},
  author={Anders, Simon and Pyl, Paul Theodor and Huber, Wolfgang},
  journal={Bioinformatics},
  volume={31},
  number={2},
  pages={166--169},
  year={2015},
  publisher={Oxford University Press}
}
@article{liao2014featurecounts,
  title={featureCounts: an efficient general purpose program for assigning sequence reads to genomic features},
  author={Liao, Yang and Smyth, Gordon K and Shi, Wei},
  journal={Bioinformatics},
  volume={30},
  number={7},
  pages={923--930},
  year={2014},
  publisher={Oxford University Press}
}

@article{love2014moderated,
  title={Moderated estimation of fold change and dispersion for RNA-seq data with DESeq2},
  author={Love, Michael I and Huber, Wolfgang and Anders, Simon},
  journal={Genome biology},
  volume={15},
  number={12},
  pages={550},
  year={2014},
  publisher={BioMed Central}
}
@article{robinson2010edger,
  title={edgeR: a Bioconductor package for differential expression analysis of digital gene expression data},
  author={Robinson, Mark D and McCarthy, Davis J and Smyth, Gordon K},
  journal={Bioinformatics},
  volume={26},
  number={1},
  pages={139--140},
  year={2010},
  publisher={Oxford University Press}
}

@article{name,
  title={The Name Fusarium Moniliforme Should no Longer be Used},
  author={Seifert, Keith A and Aoki, Takayuki and Baayen, R P and Brayford, D and Burgess, L W and Chulze, S and Gams, W and Geiser, D and de Gruyter, J and Leslie, J F and Logrieco, A and Marasas, W F O and Nirenberg, H I and O’Donnell, K and Rheeder, J and Samuels, G J and Summerell, B A and Thrane, U and Waalwijk, C},
  journal={Mycological Research},
  volume={107},
  number={6},
  pages={643--644},
  year={2003},
  publisher={Elsevier BV},
  doi={10.1017/s095375620323820x}
}
@misc{bwamem2,
  author = {Li, Heng},
  title = {BWA-MEM2: Faster and more accurate read alignment to large reference genomes},
  year = {Year},
  note = {Disponible sur: https://github.com/bwa-mem2/bwa-mem2},
  howpublished = {Accès en ligne}
}

@inbook{illumina,
  title = {Sequencing technologies for epigenetics: From basics to applications},
  ISBN = {9780128179642},
  url = {http://dx.doi.org/10.1016/B978-0-12-817964-2.00007-1},
  DOI = {10.1016/b978-0-12-817964-2.00007-1},
  booktitle = {Epigenetics of the Immune System},
  publisher = {Elsevier},
  author = {Piro,  Rosario Michael},
  year = {2020},
  pages = {161–183}
}

@misc{fastQC2,
  address = {{Babraham, UK}},
  title = {{{FastQC}}},
  copyright = {GPL v3},
  abstract = {FastQC aims to provide a simple way to do some quality control checks on raw sequence data coming from high throughput sequencing pipelines. It provides a modular set of analyses which you can use to give a quick impression of whether your data has any problems of which you should be aware before doing any further analysis.},
  howpublished = {Babraham Institute},
  author = {Andrews, Simon and Krueger, Felix and {Segonds-Pichon}, Anne and Biggins, Laura and Krueger, Christel and Wingett, Steven},
  month = jan,
  year = {2012}
}

@article{phread,
  title = {The Sanger FASTQ file format for sequences with quality scores,  and the Solexa/Illumina FASTQ variants},
  volume = {38},
  ISSN = {1362-4962},
  url = {http://dx.doi.org/10.1093/nar/gkp1137},
  DOI = {10.1093/nar/gkp1137},
  number = {6},
  journal = {Nucleic Acids Research},
  publisher = {Oxford University Press (OUP)},
  author = {Cock,  Peter J. A. and Fields,  Christopher J. and Goto,  Naohisa and Heuer,  Michael L. and Rice,  Peter M.},
  year = {2009},
  month = dec,
  pages = {1767–1771}
}

@article{miRNA,
  title = {Evaluation of microRNA alignment techniques},
  volume = {22},
  ISSN = {1469-9001},
  url = {http://dx.doi.org/10.1261/rna.055509.115},
  DOI = {10.1261/rna.055509.115},
  number = {8},
  journal = {RNA},
  publisher = {Cold Spring Harbor Laboratory},
  author = {Ziemann,  Mark and Kaspi,  Antony and El-Osta,  Assam},
  year = {2016},
  month = jun,
  pages = {1120–1138}
}

@inproceedings{BWAimproved,
  title = {Efficient Architecture-Aware Acceleration of BWA-MEM for Multicore Systems},
  url = {http://dx.doi.org/10.1109/IPDPS.2019.00041},
  DOI = {10.1109/ipdps.2019.00041},
  booktitle = {2019 IEEE International Parallel and Distributed Processing Symposium (IPDPS)},
  publisher = {IEEE},
  author = {Vasimuddin,  Md. and Misra,  Sanchit and Li,  Heng and Aluru,  Srinivas},
  year = {2019},
  month = may 
}

@misc{LISA,
  doi = {10.48550/ARXIV.1910.04728},
  url = {https://arxiv.org/abs/1910.04728},
  author = {Ho,  Darryl and Ding,  Jialin and Misra,  Sanchit and Tatbul,  Nesime and Nathan,  Vikram and Md,  Vasimuddin and Kraska,  Tim},
  keywords = {Databases (cs.DB),  Data Structures and Algorithms (cs.DS),  Machine Learning (cs.LG),  FOS: Computer and information sciences,  FOS: Computer and information sciences},
  title = {LISA: Towards Learned DNA Sequence Search},
  publisher = {arXiv},
  year = {2019},
  copyright = {arXiv.org perpetual,  non-exclusive license}
}

@misc{MEM2Github,
  author={bwa-mem2},
  title={bwa-mem2 GitHub page/readme},
  year={2022},
  url={https://github.com/bwa-mem2/bwa-mem2/tree/bwa-mem2-lisa},
}